@article{ren15fasterrcnn,
    Author = {Shaoqing Ren, Kaiming He, Ross Girshick, Jian Sun},
    Title = {{Faster R-CNN}: Towards Real-Time Object Detection with Region Proposal Networks},
    Journal = {arXiv preprint arXiv:1506.01497},
    Year = {2015}
}
@inproceedings{redmon2016you,
  title={You only look once: Unified, real-time object detection},
  author={Redmon, Joseph and Divvala, Santosh and Girshick, Ross and Farhadi, Ali},
  booktitle={Proceedings of the IEEE conference on computer vision and pattern recognition},
  pages={779--788},
  year={2016}
}

@inproceedings{liu2016ssd,
  title={Ssd: Single shot multibox detector},
  author={Liu, Wei and Anguelov, Dragomir and Erhan, Dumitru and Szegedy, Christian and Reed, Scott and Fu, Cheng-Yang and Berg, Alexander C},
  booktitle={European conference on computer vision},
  pages={21--37},
  year={2016},
  organization={Springer}
}

@article{邵松2014基于迁移学习的行人检测研究进展,
  title={基于迁移学习的行人检测研究进展},
  author={邵松 and 刘宏 and 王向东 and 钱跃良},
  journal={计算机工程与应用},
  number={24},
  pages={156--163},
  year={2014}
}

@inproceedings{viola2001rapid,
  title={Rapid object detection using a boosted cascade of simple features},
  author={Viola, Paul and Jones, Michael},
  booktitle={Computer Vision and Pattern Recognition, 2001. CVPR 2001. Proceedings of the 2001 IEEE Computer Society Conference on},
  volume={1},
  pages={I--I},
  year={2001},
  organization={IEEE}
}

@inproceedings{wu2005detection,
  title={Detection of multiple, partially occluded humans in a single image by bayesian combination of edgelet part detectors},
  author={Wu, Bo and Nevatia, Ramakant},
  booktitle={Computer Vision, 2005. ICCV 2005. Tenth IEEE International Conference on},
  volume={1},
  pages={90--97},
  year={2005},
  organization={IEEE}
}

@inproceedings{sabzmeydani2007detecting,
  title={Detecting pedestrians by learning shapelet features},
  author={Sabzmeydani, Payam and Mori, Greg},
  booktitle={Computer Vision and Pattern Recognition, 2007. CVPR'07. IEEE Conference on},
  pages={1--8},
  year={2007},
  organization={IEEE}
}

@inproceedings{wang2009hog,
  title={An HOG-LBP human detector with partial occlusion handling},
  author={Wang, Xiaoyu and Han, Tony X and Yan, Shuicheng},
  booktitle={Computer Vision, 2009 IEEE 12th International Conference on},
  pages={32--39},
  year={2009},
  organization={IEEE}
}

@inproceedings{wojek2008performance,
  title={A performance evaluation of single and multi-feature people detection},
  author={Wojek, Christian and Schiele, Bernt},
  booktitle={Joint Pattern Recognition Symposium},
  pages={82--91},
  year={2008},
  organization={Springer}
}

@article{dollar2009integral,
  title={Integral channel features},
  author={Doll{\'a}r, Piotr and Tu, Zhuowen and Perona, Pietro and Belongie, Serge},
  year={2009},
  publisher={BMVC Press}
}

@inproceedings{dalal2005histograms,
  title={Histograms of oriented gradients for human detection},
  author={Dalal, Navneet and Triggs, Bill},
  booktitle={Computer Vision and Pattern Recognition, 2005. CVPR 2005. IEEE Computer Society Conference on},
  volume={1},
  pages={886--893},
  year={2005},
  organization={IEEE}
}

@article{lindeberg2012scale,
  title={Scale invariant feature transform},
  author={Lindeberg, Tony},
  journal={Scholarpedia},
  volume={7},
  number={5},
  pages={10491},
  year={2012}
}

@article{ojala2002multiresolution,
  title={Multiresolution gray-scale and rotation invariant texture classification with local binary patterns},
  author={Ojala, Timo and Pietikainen, Matti and Maenpaa, Topi},
  journal={IEEE Transactions on pattern analysis and machine intelligence},
  volume={24},
  number={7},
  pages={971--987},
  year={2002},
  publisher={IEEE}
}

@inproceedings{sermanet2013pedestrian,
  title={Pedestrian detection with unsupervised multi-stage feature learning},
  author={Sermanet, Pierre and Kavukcuoglu, Koray and Chintala, Soumith and LeCun, Yann},
  booktitle={Computer Vision and Pattern Recognition (CVPR), 2013 IEEE Conference on},
  pages={3626--3633},
  year={2013},
  organization={IEEE}
}

@article{felzenszwalb2010object,
  title={Object detection with discriminatively trained part-based models},
  author={Felzenszwalb, Pedro F and Girshick, Ross B and McAllester, David and Ramanan, Deva},
  journal={IEEE transactions on pattern analysis and machine intelligence},
  volume={32},
  number={9},
  pages={1627--1645},
  year={2010},
  publisher={IEEE}
}

@inproceedings{schwartz2009human,
  title={Human detection using partial least squares analysis},
  author={Schwartz, William Robson and Kembhavi, Aniruddha and Harwood, David and Davis, Larry S},
  booktitle={Computer vision, 2009 IEEE 12th international conference on},
  pages={24--31},
  year={2009},
  organization={IEEE}
}

@incollection{dollar2012crosstalk,
  title={Crosstalk cascades for frame-rate pedestrian detection},
  author={Doll{\'a}r, Piotr and Appel, Ron and Kienzle, Wolf},
  booktitle={Computer Vision--ECCV 2012},
  pages={645--659},
  year={2012},
  publisher={Springer}
}

@article{lecun2015deep,
  title={Deep learning},
  author={LeCun, Yann and Bengio, Yoshua and Hinton, Geoffrey},
  journal={nature},
  volume={521},
  number={7553},
  pages={436},
  year={2015},
  publisher={Nature Publishing Group}
}

@inproceedings{krizhevsky2012imagenet,
  title={Imagenet classification with deep convolutional neural networks},
  author={Krizhevsky, Alex and Sutskever, Ilya and Hinton, Geoffrey E},
  booktitle={Advances in neural information processing systems},
  pages={1097--1105},
  year={2012}
}

@article{simonyan2014very,
  title={Very deep convolutional networks for large-scale image recognition},
  author={Simonyan, Karen and Zisserman, Andrew},
  journal={arXiv preprint arXiv:1409.1556},
  year={2014}
}

@inproceedings{he2016deep,
  title={Deep residual learning for image recognition},
  author={He, Kaiming and Zhang, Xiangyu and Ren, Shaoqing and Sun, Jian},
  booktitle={Proceedings of the IEEE conference on computer vision and pattern recognition},
  pages={770--778},
  year={2016}
}

@book{Goodfellow-et-al-2016,
    title={Deep Learning},
    author={Ian Goodfellow and Yoshua Bengio and Aaron Courville},
    publisher={MIT Press},
    year={2016}
    pages={13}
}


@book{Goodfellow-et-al-2016-201,
    title={Deep Learning},
    author={Ian Goodfellow and Yoshua Bengio and Aaron Courville},
    publisher={MIT Press},
    year={2016}
    pages={201}
}

@inproceedings{yosinski2014transferable,
  title={How transferable are features in deep neural networks?},
  author={Yosinski, Jason and Clune, Jeff and Bengio, Yoshua and Lipson, Hod},
  booktitle={Advances in neural information processing systems},
  pages={3320--3328},
  year={2014}
}
